<record><leader>00000cas a22000007a 4500</leader><controlfield tag="001">22245726</controlfield><controlfield tag="008">900820d196619uupr mr ne      0    0spa d</controlfield><datafield ind1=" " ind2=" " tag="010"><subfield code="a">sn 90070203 </subfield></datafield><datafield ind1=" " ind2=" " tag="040"><subfield code="a">PNN</subfield><subfield code="b">eng</subfield><subfield code="c">PNN</subfield><subfield code="d">OCLCQ</subfield></datafield><datafield ind1=" " ind2=" " tag="042"><subfield code="a">msc</subfield></datafield><datafield ind1="0" ind2="0" tag="245"><subfield code="a">Vocero municipal.</subfield></datafield><datafield ind1=" " ind2=" " tag="260"><subfield code="a">Juana Di&#769;az, P.R. :</subfield><subfield code="b">Administracio&#769;n Municipal de Juana Di&#769;az</subfield></datafield><datafield ind1=" " ind2=" " tag="300"><subfield code="a">v.</subfield></datafield><datafield ind1=" " ind2=" " tag="310"><subfield code="a">Monthly</subfield></datafield><datafield ind1="0" ind2=" " tag="362"><subfield code="a">Ed. 1 (Dic. 1966)-</subfield></datafield><datafield ind1=" " ind2=" " tag="752"><subfield code="a">United States</subfield><subfield code="b">Puerto Rico</subfield><subfield code="d">Juana Di&#769;az.</subfield></datafield></record>